@InProceedings{Gu2014Weighted,
  author    = {Author},
  title     = {Title},
  booktitle = {Booktitle},
  year      = {2014},
  series    = {Series},
  publisher = {Publisher},
  pages     = {2862--2869},
  address   = {Address},
}
