@Book{gsjw,
  author        = {陈登原},
  title         = {国史旧闻},
  volume        = {1},
  address       = {北京},
  publisher     = {中华书局},
  year          = {2000},
  page          = {29},
}

@Book{jjsxyjrsx,
  author        = {哈里森，沃尔德伦},
  translator    = {谢远涛},
  title         = {经济数学与金融数学},
  address       = {北京},
  publisher     = {中国人民大学出版社},
  pages         = {235-236},
  year          = {2012},
}
